//1
@article{isomaki2013transmission,
  title={Transmission of IPv6 Packets over BLUETOOTH Low Energy},
  author={Isomaki, Markus and Nieminen, Johanna and Gomez, Carles and Shelby, Zach and Savolainen, Teemu and Patil, Basavaraj},
  year={2013}
}
//2
@article{bluetooth2010bluetooth,
  title={Bluetooth core specification version 4.0},
  author={SIG},
  journal={Specification of the Bluetooth System},
  year={2010}
}
//3
@misc{evans2011IoTtrend,
  title = {The Internet of Things - How the Next Evolution of the Internet},
  author={Evans, Dave},
  howpublished = {\url{http://www.cisco.com/c/dam/en_us/about/ac79/docs/innov/IoT_IBSG_0411FINAL.pdf}},
  year={2011},
  note={Accessed April, 2016}
}
//4
@misc{barrett2012IoT,
  title = {The Internet of Things},
  author={Barrett, John},
  howpublished = {\url{http://tedxtalks.ted.com/video/The-Internet-of-Things-Dr-John}}, 
  year={2012},
  note={Accessed April, 2016}
}
//5
@inproceedings{na2010personal,
  title={Personal cloud computing security framework},
  author={Na, Sang-Ho and Park, Jun-Young and Huh, Eui-Nam},
  booktitle={Services Computing Conference (APSCC), 2010 IEEE Asia-Pacific},
  pages={671--675},
  year={2010},
  organization={IEEE}
}
//6
@misc{seagate2016whatispersonalcloud,
  title = {What Is a Personal Cloud?},
  author={Seagate},
  howpublished = {\url{http://www.seagate.com/ca/en/do-more/what-is-personal-cloud-master-dm/}},
  year={2016},
  note={Accessed April, 2016}
}
//7
@phdthesis{fielding2000architectural,
  title={Architectural styles and the design of network-based software architectures},
  author={Fielding, Roy Thomas},
  year={2000},
  school={University of California, Irvine}
}
//8
@misc{arcitura2016,
  title = {REST Constraints},
  author={Arcitura},
  howpublished = {\url{http://whatisrest.com/rest_constraints/index}},
  year={2016},
  note={Accessed April, 2016}
}
//9
@article{fowler2010richardson,
  title={Richardson Maturity Model: steps toward the glory of REST},
  author={Fowler, Martin},
  journal={Online at http://martinfowler. com/articles/richardsonMaturityModel. html},
  year={2010}
}
//10
@inproceedings{pautasso2008restful,
  title={Restful web services vs. big'web services: making the right architectural decision},
  author={Pautasso, Cesare and Zimmermann, Olaf and Leymann, Frank},
  booktitle={Proceedings of the 17th international conference on World Wide Web},
  pages={805--814},
  year={2008},
  organization={ACM}
}
//11
@article{banks2014mqtt,
  title={MQTT Version 3.1. 1},
  author={Banks, Andrew and Gupta, Rahul},
  journal={OASIS standard},
  year={2014}
}
//12
@techreport{shelby2014constrained,
  title={The constrained application protocol (CoAP)},
  author={Shelby, Zach and Hartke, Klaus and Bormann, Carsten},
  year={2014}
}
//13
@misc{armcoaptutorial2014,
  title = {ARM CoAP Tutorial},
  author={Shelby, Zach},
  howpublished = {\url{http://www.slideshare.net/zdshelby/coap-tutorial}},
  year={2014},
  note={Accessed April, 2016}
}
//14
@misc{torvmark2013threeflavourofbluetooth,
  title = {Three flavors of Bluetooth: Which one to choose?},
  author={Torvmark, Karl Helmer},
  howpublished = {\url{http://www.edn.com/Home/PrintView?contentItemId=4405960}},
  year={2013},
  note={Accessed April, 2016}
}
//15
@misc{SIG2013updaebluetooth4.1,
  title = {Updated Bluetooth® 4.1 Extends the Foundation of Bluetooth Technology for the Internet of Things},
  author={SIG},
  howpublished = {\url{https://www.bluetooth.com/news/pressreleases/2013/12/04/updated-bluetooth4-1-extends-the-foundation-of-bluetooth-technology-for-the-internet-of-things}},
  year={2013},
  note={Accessed April, 2016}
}
//16
@misc{SIG2014bluetooth4.2faq,
  title = {Bluetooth Core Specification 4.2 Frequestly Asked Questions},
  author={SIG},
  howpublished = {\url{https://www.bluetooth.org/ja-jp/Documents/Bluetooth4-2FAQ.pdf}},
  year={2014},
  note={Accessed April, 2016}
}
//17
@misc{iOS2014ibeacon,
  title = {Getting Started with iBeacon},
  author={iOS},
  howpublished = {\url{https://developer.apple.com/ibeacon/Getting-Started-with-iBeacon.pdf}},
  year={2014},
  note={Accessed April, 2016}
}
//18
@article{gilbert2002brewer,
  title={Brewer's conjecture and the feasibility of consistent, available, partition-tolerant web services},
  author={Gilbert, Seth and Lynch, Nancy},
  journal={ACM SIGACT News},
  volume={33},
  number={2},
  pages={51--59},
  year={2002},
  publisher={ACM}
}
//19
@misc{flanders2009moreonrest,
  title = {Service Station - More On REST},
  author={Flanders, Jon},
  howpublished = {\url{https://msdn.microsoft.com/en-us/magazine/dd942839.aspx#id0070007}},
  year={2009},
  note={Accessed April, 2016}
}
//20
@article{mitra2003soap,
  title={Soap version 1.2 part 0: Primer},
  author={Mitra, Nilo and Lafon, Yves},
  journal={W3C recommendation},
  volume={24},
  pages={12},
  year={2003}
}
//21
@misc{philip2015iottrend,
  title = {Sketching out the Internet of Things trendline},
  author={Howard, Philip N},
  howpublished = {\url{http://www.brookings.edu/blogs/techtank/posts/2015/06/9-future-of-iot-part-2}},
  year={2015},
  note={Accessed April, 2016}
}
//22
@article{colitti2011integrating,
  title={Integrating wireless sensor networks with the web},
  author={Colitti, Walter and Steenhaut, Kris and De Caro, Niccol},
  journal={Extending the Internet to Low power and Lossy Networks (IP+ SN 2011)},
  year={2011}
}
//23
@inproceedings{laum2012web,
  title={A Web service-based communication architecture for smartphone/WPAN sensor ensembles},
  author={Laum, Nico and Lerche, Christian and Golatowski, Frank and Timmermann, Dirk},
  booktitle={Proceedings of 2012 IEEE 17th International Conference on Emerging Technologies Factory Automation (ETFA 2012)},
  pages={1--7},
  year={2012},
  organization={IEEE}
}
//24
@inproceedings{mitsugi2011bridging,
  title={Bridging UPnP and ZigBee with CoAP: protocol and its performance evaluation},
  author={Mitsugi, Jin and Yonemura, Shigeru and Hada, Hisakazu and Inaba, Tatsuya},
  booktitle={Proceedings of the workshop on Internet of Things and Service Platforms},
  pages={1},
  year={2011},
  organization={ACM}
}
//25
@inproceedings{kovatsch2010embedding,
  title={Embedding internet technology for home automation},
  author={Kovatsch, Matthias and Weiss, Markus and Guinard, Dominique},
  booktitle={Emerging Technologies and Factory Automation (ETFA), 2010 IEEE Conference on},
  pages={1--8},
  year={2010},
  organization={IEEE}
}
//26
@article{hadley2003soap,
  title={SOAP Version 1.2 Part 1: Messaging Framework},
  author={Hadley, Marc and Mendelsohn, Noah and Moreau, J and Nielsen, H and Gudgin, M},
  journal={W3C REC REC-soap12-part1-20030624, June},
  pages={240--8491},
  year={2003}
}
//27
@article{lan2003part,
  title={Part 11: Wireless lan medium access control (mac) and physical layer (phy) specifications},
  author={LAN/MAN Standards Committee and others},
  journal={IEEE-SA Standards Board},
  year={2003}
}
//28
@misc{BLE2014litepoint,
  title = {Bluetooth® Low Energy},
  author={Litepoint},
  howpublished = {\url{http://www.litepoint.com/wp-content/uploads/2014/02/Bluetooth-Low-Energy_WhitePaper.pdf}},
  year={2014},
  note={Accessed April, 2016}
}
//29
@misc{Bluetooth2016SIG,
  title = {Bluetooth},
  author={SIG},
  howpublished = {\url{https://www.bluetooth.com/what-is-bluetooth-technology/bluetooth}},
  year={2016},
  note={Accessed April, 2016}
}
//30
@book{parkhurst2004routing,
  title={Routing first-step},
  author={Parkhurst, William R},
  year={2004},
  publisher={Cisco Press}
}
//31
@misc{guildlinefor48mac2016IEEE,
  title = {Guidelines for 48-Bit Global Identifier (EUI-48)},
  author={IEEE-SA},
  howpublished = {\url{https://standards.ieee.org/develop/regauth/tut/eui48.pdf}},
  year={2016},
  note={Accessed April, 2016}
}
//32
@misc{guildlinefor64mac2016IEEE,
  title = {Guidelines for 64-bit Global Identifier (EUI-64)},
  author={IEEE-SA},
  howpublished = {\url{https://standards.ieee.org/develop/regauth/tut/eui64.pdf}},
  year={2016},
  note={Accessed April, 2016}
}
//33
@inproceedings{thangavel2014performance,
  title={Performance evaluation of MQTT and CoAP via a common middleware},
  author={Thangavel, Dinesh and Ma, Xiaoping and Valera, Alvin and Tan, Hwee-Xian and Tan, Colin Keng-Yan},
  booktitle={Intelligent Sensors, Sensor Networks and Information Processing (ISSNIP), 2014 IEEE Ninth International Conference on},
  pages={1--6},
  year={2014},
  organization={IEEE}
}
//34
@article{shelby2012constrained,
  title={Constrained RESTful environments (CoRE) link format},
  author={Shelby, Zach},
  howpublished = {\url{https://tools.ietf.org/html/rfc6690}},
  year={2012},
  note={Accessed April, 2016}
}
//35
@article{friedman2013power,
  title={On power and throughput tradeoffs of wifi and bluetooth in smartphones},
  author={Friedman, Roy and Kogan, Alex and Krivolapov, Yevgeny},
  journal={IEEE Transactions on Mobile Computing},
  volume={12},
  number={7},
  pages={1363--1376},
  year={2013},
  publisher={IEEE}
}
//36
@inproceedings{ma2008analysis,
  title={The analysis of 6LoWPAN technology},
  author={Ma, Xin and Luo, Wei},
  booktitle={2008 IEEE Pacific-Asia Workshop on Computational Intelligence and Industrial Application},
  year={2008}
}
//37
@article{nilsson2012bluetooth,
  title={Bluetooth Low Energy vs. Classic Bluetooth: Choose the Best Wireless Technology For Your Application},
  author={Nilsson, Rolf and Saltzstein, Bill},
  journal={Medical Electronics Design},
  year={2012}
}
//38
@article{nieminen2015ipv6,
  title={Ipv6 over bluetooth (r) low energy},
  author={Nieminen, J and Savolainen, T and Isomaki, M and Patil, B and Shelby, Z and Gomez, C},
  howpublished = {\url{https://tools.ietf.org/html/rfc7668}},
  year={2015},
  note={Accessed April, 2016}
}
//39
@article{chawathaworncharoen2015feasibility,
  title={Feasibility Evaluation of 6LoWPAN over Bluetooth Low Energy},
  author={Chawathaworncharoen, Varat and Visoottiviseth, Vasaka and Takano, Ryousei},
  journal={arXiv preprint arXiv:1509.06991},
  year={2015}
}
//40
@article{fielding1999hypertext,
  title={Hypertext transfer protocol--HTTP/1.1},
  author={Fielding, Roy and Gettys, Jim and Mogul, Jeffrey and Frystyk, Henrik and Masinter, Larry and Leach, Paul and Berners-Lee, Tim},
  howpublished = {\url{https://tools.ietf.org/html/rfc2616}},
  year={1999},
  note={Accessed April, 2016}
}
