@article{deepak2012challenging,
  title={Challenging issues and limitations of mobile computing},
  author={Deepak, G and Pradeep, BS},
  journal={Int. J. Computer Technology \& Applications},
  volume={3},
  number={1},
  pages={179},
  year={2012},
  publisher={Citeseer}
}

@inproceedings{qi2012research,
  title={Research on mobile cloud computing: Review, trend and perspectives},
  author={Qi, Han and Gani, Abdullah},
  booktitle={Digital Information and Communication Technology and it's Applications (DICTAP), 2012 Second International Conference on},
  pages={195--202},
  year={2012},
  organization={ieee}
}

@misc{tutorialspointHardware,
  author = {Tutorialspoint},
  title = {Mobile Computing - Brief Overview},
  howpublished={\url{http://www.tutorialspoint.com/mobile_computing/mobile_computing_overview.htm}},
  note={Accessed May, 2016}
}

@misc{LionbridgeWhitepaper,
  author = {Lionbridge},
  title = {Mobile Web Apps vs. Mobile Native Apps:How to Make the Right Choice},
  howpublished={\url{WWW.LIONBRIDGE.COM/FILES/2012/.../LIONBRIDGE-WP_MOBILEAPPS2.PDF}},
  note={Accessed May, 2016}
}

@misc{IBMSoftwareWhitepaper,
  author = {IBM-Software},
  title = {Native, Web or Hybrid Mobile-app Development},
  howpublished={\url{ftp://public.dhe.ibm.com/software/pdf/mobile-enterprise/WSW14182USEN.pdf}},
  note={Accessed May, 2016}
}

@masterthesis{fu2014data,
  title={Data Synchronization in a Network-Volatile Mobile Ecosystem},
  author={Fu, Wen},
  year={2014}
}

@book{bonaventure2011computer,
  title={Computer Networking: Principles, Protocols, and Practice},
  author={Bonaventure, Olivier},
  year={2011},
  publisher={The Saylor Foundation}
}
@misc{tutorialspointDataCommunication,
  author = {Tutorialspoint},
  title = {Data Communication and Computer Network},
  howpublished={\url{http://www.tutorialspoint.com/data_communication_computer_network/data_communication_computer_network_tutorial.pdf}},
  note={Accessed May, 2016}
}

@article{maly2003comparison,
  title={Comparison of Centralized (Client-Server) and Decentralized (Peer-to-Peer) Networking},
  author={Maly, Robin Jan and Mischke, Jan and Kurtansky, Pascal and Stiller, Burkhard},
  journal={Semester thesis, ETH Zurich, Zurich, Switzerland},
  pages={1--12},
  year={2003}
}

@book{javvin2005network,
  title={Network Protocols Handbook},
  author={Javvin-Technologies},
  year={2005},
  publisher={Javvin Technologies Inc.},
  note={Accessed May, 2016}
}

@article{androutsellis2004survey,
  title={A survey of peer-to-peer content distribution technologies},
  author={Androutsellis-Theotokis, Stephanos and Spinellis, Diomidis},
  journal={ACM computing surveys (CSUR)},
  volume={36},
  number={4},
  pages={335--371},
  year={2004},
  publisher={ACM}
}

@misc{ISP,
  author = {Melissa E. Hathaway and John E.Savage},
  title = {Duties for Internet Service Providers},
  howpublished={\url{http://belfercenter.ksg.harvard.edu/files/cyberdialogue2012_hathaway-savage.pdf}},
  year = {2012}
}

@article{ghosh2009peer,
  title={Peer To Peer Network For Mobile Communication},
  author={Ghosh, Debopriyo},
  journal={Int. J. of Recent Trends in Engineering and Technology},
  volume={1},
  number={2},
  year={2009}
}

@inproceedings{sundar2012voice,
  title={Voice over IP via Bluetooth/Wi-Fi Peer to Peer},
  author={Sundar, Shyam and Kumar, M Krishna and Selvinpremkumar, P and Chinnadurai, M},
  booktitle={Advances in Engineering, Science and Management (ICAESM), 2012 International Conference on},
  pages={828--837},
  year={2012},
  organization={IEEE}
}

@misc{IoT,
  author = {Cisco},
  title = {Internet of Things (IoT)},
  howpublished={\url{http://www.cisco.com/c/en/us/solutions/internet-of-things/overview.html?}},
  note={Accessed May, 2016}
}

@misc{BluetoothLowEnergy,
  author = {BluetoothSIG},
  title = {Bluetooth Low Energy},
  howpublished={\url{https://www.bluetooth.com/what-is-bluetooth-technology/bluetooth-technology-basics/low-energy}},
  note={Accessed May, 2016}
}

@article{huang2005bluetooth,
  title={Bluetooth for Programmers},
  author={Huang, Albert and Rudolph, Larry},
  journal={Massachusetts Institute of Technology, Cambridge},
  year={2005}
}

@misc{BluetoothSpecification4.0,
  author = {BluetoothSIG},
  title = {Specification of the Bluetooth System 4.0},
  howpublished={\url{https://www.bluetooth.org/docman/handlers/downloaddoc.ashx?doc_id=229737}},
  year = {2010},
  note={Accessed May, 2016}
}

@misc{BluetoothSpecification4.2,
  author = {BluetoothSIG},
  title = {Specification of the Bluetooth System 4.2},
  howpublished={\url{https://www.bluetooth.org/DocMan/handlers/DownloadDoc.ashx?doc_id=286439&_ga=1.184284000.737790313.1467059345}},
  year = {2014},
  note={Accessed May, 2016}
}

@inproceedings{baatz2001adaptive,
  title={Adaptive scatternet support for Bluetooth using sniff mode},
  author={Baatz, Simon and Frank, Matthias and Kuhl, Carmen and Martini, Peter and Scholz, Christoph},
  booktitle={Local Computer Networks, 2001. Proceedings. LCN 2001. 26th Annual IEEE Conference on},
  pages={112--120},
  year={2001},
  organization={IEEE}
}

@article{tan2001forming,
  title={Forming scatternets from bluetooth personal area networks},
  author={Tan, Godfrey and Miu, Allen and Guttag, John and Balakrishnan, Hari and others},
  journal={Massachusetts Institute of Techonology, http://lcs. mit. edu/, Tech. Rep. MIT-LCS-TR-826},
  year={2001}
}

@article{camps2013device,
  title={Device-to-device communications with Wi-Fi Direct: overview and experimentation},
  author={Camps-Mur, Daniel and Garcia-Saavedra, Andres and Serrano, Pablo},
  journal={IEEE wireless communications},
  volume={20},
  number={3},
  pages={96--104},
  year={2013},
  publisher={IEEE}
}

@article{alliance2010wi,
  title={Wi-Fi peer-to-peer (P2P) technical specification},
  author={Wi-Fi-Alliance},
  journal={www. wi-fi. org/Wi-Fi\_Direct. php},
  year={2010},
  note={Accessed May, 2016}
}


@inproceedings{casetti2015demonstration,
  title={A demonstration for content delivery on Wi-Fi Direct enabled devices},
  author={Casetti, Claudio and Chiasserini, Carla Fabiana and Pelle, Luciano Curto and Del Valle, Carolina and Duan, Yufeng and Giaccone, Paolo},
  booktitle={World of Wireless, Mobile and Multimedia Networks (WoWMoM), 2015 IEEE 16th International Symposium on a},
  pages={1--2},
  year={2015},
  organization={IEEE}
}


@inproceedings{casetti2015content,
  title={Content-centric routing in Wi-Fi direct multi-group networks},
  author={Casetti, Claudio and Chiasserini, Carla Fabiana and Pelle, Luciano Curto and Del Valle, Carolina and Duan, Yufeng and Giaccone, Paolo},
  booktitle={World of Wireless, Mobile and Multimedia Networks (WoWMoM), 2015 IEEE 16th International Symposium on a},
  pages={1--9},
  year={2015},
  organization={IEEE}
}

@misc{WFDwhitepaper,
  author = {Hughes-Systique},
  title = {Wi-Fi Direct White Paper},
  howpublished={\url{http://hsc.com/Portals/0/Uploads/Articles/WFD_Technology_Whitepaper_v_1.7635035318321315728.pdf}},
  note={Accessed May, 2016}
}

@misc{WifiProtectSetup,
  author = {Wi-Fi-Alliance},
  title = {Wi-Fi Protected Setup Specification},
  howpublished={\url{http://v1ron.ru/downloads/docs/Wi-Fi\%20Protected\%20Setup\%20Specification\%201.0h.pdf}},
  note={Accessed May, 2016}
}

@misc{LANwhitepaper,
  author = {U.S.Robotics},
  title = {Wireless LAN Networking White Paper},
  howpublished={\url{http://support.usr.com/download/whitepapers/wireless-wp.pdf}},
  note={Accessed May, 2016}
}

@article{rajamohan2014performance,
  title={Performance Analysis and Comparison of Wireless Protocols Standards in WPAN-Bluetooth and WLAN-Wi-Fi},
  author={Rajamohan, P and Thinaharan, Mr R and others},
  journal={International Journal of Scientific Engineering and Technology},
  volume={3},
  number={12},
  year={2014}
}

@misc{WiFiDirectwebsite,
  author = {Wi-Fi-Alliance},
  title = {Wi-Fi Direct},
  howpublished={\url{http://www.wi-fi.org/discover-wi-fi/wi-fi-direct}},
  note={Accessed May, 2016}
}

@misc{webservice,
  author = {Tutorialspoint},
  title = {What are Web Services?},
  howpublished={\url{http://www.tutorialspoint.com/webservices/what_are_web_services.htm}},
  note={Accessed May, 2016}
}

@misc{webservicew3,
  author = {W3C-Working-Group},
  title = {Web Services Architecture},
  howpublished={\url{https://www.w3.org/TR/ws-arch/#id2260892}},
  year = {2004},
  note={Accessed April, 2016}
}

@phdthesis{fielding2000architectural,
  title={Architectural styles and the design of network-based software architectures},
  author={Fielding, Roy Thomas},
  year={2000},
  school={University of California, Irvine}
}

@misc{RESTweb,
  author = {M. Elkstein},
  title = {Learn REST: A Tutorial},
  howpublished={\url{http://rest.elkstein.org/}},
   note={Accessed May, 2016}
}

@misc{RESTservicearchitecture,
  author = {Service-Architecture},
  title = {Representational State Transfer (REST)},
  howpublished={\url{http://www.service-architecture.com/articles/web-services/representational_state_transfer_rest.html}},
  note={Accessed May, 2016}
}


@inproceedings{pautasso2008restful,
  title={Restful web services vs. big'web services: making the right architectural decision},
  author={Pautasso, Cesare and Zimmermann, Olaf and Leymann, Frank},
  booktitle={Proceedings of the 17th international conference on World Wide Web},
  pages={805--814},
  year={2008},
  organization={ACM}
}
@misc{JSON,
  author = {Douglas Crockford},
  title = {JSON: The Fat-Free Alternative to XML},
  howpublished={\url{http://www.json.org/fatfree.html}},
  year={2006},
  note={Accessed May, 2016}
}

@misc{SMTP,
  author = {Cisco},
  title = {Simple Mail Transfer Protocol},
  howpublished={\url{http://www.cisco.com/c/en/us/td/docs/ios/sw_upgrades/interlink/r2_0/user/ugsmtp.pdf}},
   note={Accessed May, 2016}
}

@misc{WSDL,
  author = {Tutorialspoint},
  title = {Web Service Description Language},
  howpublished={\url{http://www.tutorialspoint.com/wsdl/wsdl_tutorial.pdf}},
   note={Accessed May, 2016}
}

@misc{SOAPservicearchitecture,
  author = {Service-Architecture},
  title = {SOAP},
  howpublished={\url{http://www.service-architecture.com/articles/web-services/soap.html}},
   note={Accessed May, 2016}
}

@article{suda2003soap,
  title={SOAP Web Services},
  author={Suda, Brian},
  journal={Retrieved June},
  volume={29},
  pages={2010},
  year={2003}
}

@misc{restvssoap,
  author = {Jack Cox},
  title = {SOAP vs. REST For Mobile Services},
  howpublished={\url{https://www.captechconsulting.com/blogs/soap-vs-rest-for-mobile-services}},
  year={2015},
  note={Accessed May, 2016}
}

@misc{moreonREST,
  author = {Jon Flanders},
  title = {Service Station-More on REST},
  howpublished={\url{https://msdn.microsoft.com/en-us/magazine/dd942839.aspx}},
  year={2009},
  note={Accessed May, 2016}
}

@article{shahzad2013review,
  title={Review of Data Replication Techniques for Mobile Computing Environment},
  author={Shahzad, Haroon and Li, Xiang and Irfan, Muhammad},
  journal={Research Journal of Applied Sciences, Engineering and Technology},
  volume={6},
  number={9},
  pages={1639--1648},
  year={2013}
}

@masterthesis{synconmobiledevice,
  title={Data Synchronization on Mobile Device},
  author={Zahariev, Zlatimir and Damyanov, Georgi},
  year={2015}
}

@inproceedings{mccormick2012data,
  title={Data synchronization patterns in mobile application design},
  author={McCormick, Zach and Schmidt, Douglas C},
  booktitle={Proceedings of the 19th Conference on Pattern Languages of Programs},
  pages={12},
  year={2012},
  organization={The Hillside Group}
}

@article{sharma2011replication,
  title={Replication Management and Optimistic Replication Challenges in Mobile Environment},
  author={Sharma, Archana and Kansal, Vineet},
  journal={International Journal of Database Management Systems},
  volume={3},
  number={4},
  pages={81},
  year={2011},
  publisher={Academy \& Industry Research Collaboration Center (AIRCC)}
}

@article{gray1996dangers,
  title={The dangers of replication and a solution},
  author={Gray, Jim and Helland, Pat and O'Neil, Patrick and Shasha, Dennis},
  journal={ACM SIGMOD Record},
  volume={25},
  number={2},
  pages={173--182},
  year={1996},
  publisher={ACM}
}

@inproceedings{van1988voting,
  title={Voting with ghosts},
  author={Van Renesse, Robbert and Tanenbaum, Andrew Stuart},
  booktitle={Distributed Computing Systems, 1988., 8th International Conference on},
  pages={456--462},
  year={1988},
  organization={IEEE}
}

@masterthesis{mughees2014data,
  title={DATA MIGRATION FROM STANDARD SQL TO NoSQL},
  author={Mughees, Muhammad},
  year={2014}
}

@article{date2003introduction,
  title={An Introduction to Database Systems},
  author={Date, CJ},
  year={2000},
  publisher={Addison Wesley}
}

@misc{hadjigeorgiou2013rdbms,
  title={RDBMS vs NoSQL: Performance and Scaling Comparison},
  author={Hadjigeorgiou, Christoforos and others},
  journal={ac. uk/dissertations/hpc-msc/2012-2013/RDBMS\% 20vs\% 2 0NoSQL\% 20-\% 20Performance\% 20and\% 20Scaling\% 20Comp arison. pdf},
  year={2013}
}

@inproceedings{codd1971normalized,
  title={Normalized data base structure: A brief tutorial},
  author={Codd, Edward F},
  booktitle={Proceedings of the 1971 ACM SIGFIDET (now SIGMOD) Workshop on Data Description, Access and Control},
  pages={1--17},
  year={1971},
  organization={ACM}
}

@article{cattell2011scalable,
  title={Scalable SQL and NoSQL data stores},
  author={Cattell, Rick},
  journal={Acm Sigmod Record},
  volume={39},
  number={4},
  pages={12--27},
  year={2011},
  publisher={ACM}
}

@article{sharma2012sql,
  title={SQL and NoSQL Databases},
  author={Sharma, Vatika and Dave, Meenu},
  journal={International Journal of Advanced Research in Computer Science and Software Engineering},
  volume={2},
  number={8},
  year={2012}
}

@misc{whyNoSQL,
  author = {IBM},
  title = {Why NoSQL?},
  howpublished={\url{https://cloudant.com/wp-content/uploads/Why_NoSQL_IBM_Cloudant.pdf}},
  year={2015},
  note={Accessed May, 2016}
}

@misc{oracleNoSQL,
  author = {Oracle},
  title = {Oracle NoSQL Database},
  howpublished={\url{http://www.oracle.com/technetwork/database/nosqldb/learnmore/nosql-database-498041.pdf}},
  year={2011},
  note={Accessed May, 2016}
}

@article{gilbert2002brewer,
  title={Brewer's conjecture and the feasibility of consistent, available, partition-tolerant web services},
  author={Gilbert, Seth and Lynch, Nancy},
  journal={ACM SIGACT News},
  volume={33},
  number={2},
  pages={51--59},
  year={2002},
  publisher={ACM}
}

@article{stage2005synchronization,
  title={Synchronization and replication in the context of mobile applications},
  author={Stage, Alexander},
  journal={May},
  volume={30},
  pages={1--16},
  year={2005}
}

@article{pitoura2007caching,
  title={Caching and Replication in Mobile Data Management.},
  author={Pitoura, Evaggelia and Chrysanthis, Panos K},
  journal={IEEE Data Eng. Bull.},
  volume={30},
  number={3},
  pages={13--20},
  year={2007},
  publisher={Citeseer}
}

